<record><leader>00000cas a22000007a 4500</leader><controlfield tag="001">15681019</controlfield><controlfield tag="008">870513u197uuuuupauuu ne      0    0eng d</controlfield><datafield ind1=" " ind2=" " tag="010"><subfield code="a">sn 87080236 </subfield></datafield><datafield ind1=" " ind2=" " tag="040"><subfield code="a">NPH</subfield><subfield code="b">eng</subfield><subfield code="c">NPH</subfield><subfield code="d">OCLCQ</subfield></datafield><datafield ind1=" " ind2=" " tag="042"><subfield code="a">msc</subfield></datafield><datafield ind1="0" ind2="0" tag="245"><subfield code="a">Indiana &amp; Jefferson Co. news-shopper.</subfield></datafield><datafield ind1="1" ind2="7" tag="246"><subfield code="a">Contact</subfield></datafield><datafield ind1="3" ind2="0" tag="246"><subfield code="a">Indiana and Jefferson Co. news-shopper</subfield></datafield><datafield ind1=" " ind2=" " tag="260"><subfield code="a">[Indiana, Pa.? :</subfield><subfield code="b">s.n.]</subfield></datafield><datafield ind1=" " ind2=" " tag="300"><subfield code="a">v. :</subfield><subfield code="b">ill. ;</subfield><subfield code="c">43 cm.</subfield></datafield><datafield ind1=" " ind2=" " tag="588"><subfield code="a">Description based on: Vol. 1, no. 92 (Mar. 19, 1975).</subfield></datafield><datafield ind1=" " ind2=" " tag="752"><subfield code="a">United States</subfield><subfield code="b">Pennsylvania</subfield><subfield code="c">Indiana</subfield><subfield code="d">Indiana.</subfield></datafield><datafield ind1=" " ind2=" " tag="752"><subfield code="a">United States</subfield><subfield code="b">Pennsylvania</subfield><subfield code="c">Jefferson.</subfield></datafield><datafield ind1="0" ind2="0" tag="780"><subfield code="t">Contact (Indiana, Pa.)</subfield><subfield code="w">(DLC)sn 87080235</subfield></datafield><datafield ind1="1" ind2=" " tag="029"><subfield code="a">AU@</subfield><subfield code="b">000025812143</subfield></datafield></record>